%YAML 1.1
%TAG !u! tag:unity3d.com,2011:
--- !u!1 &4212448590090550086
GameObject:
  m_ObjectHideFlags: 0
  m_CorrespondingSourceObject: {fileID: 0}
  m_PrefabInstance: {fileID: 0}
  m_PrefabAsset: {fileID: 0}
  serializedVersion: 6
  m_Component:
  - component: {fileID: 7301899831924970159}
  - component: {fileID: 6179287885883443042}
  - component: {fileID: 220699670041851337}
  - component: {fileID: 7355040679543611184}
  - component: {fileID: 541650128854623080}
  - component: {fileID: 6223415927605121332}
  - component: {fileID: 240798708405856711}
  - component: {fileID: 7062103848328736653}
  - component: {fileID: 3930319999660307312}
  - component: {fileID: 6226603214070356020}
  - component: {fileID: 5858858837113959067}
  m_Layer: 0
  m_Name: TestCharacterPrefab_0_5_Resistance
  m_TagString: Untagged
  m_Icon: {fileID: 0}
  m_NavMeshLayer: 0
  m_StaticEditorFlags: 0
  m_IsActive: 1
--- !u!4 &7301899831924970159
Transform:
  m_ObjectHideFlags: 0
  m_CorrespondingSourceObject: {fileID: 0}
  m_PrefabInstance: {fileID: 0}
  m_PrefabAsset: {fileID: 0}
  m_GameObject: {fileID: 4212448590090550086}
  m_LocalRotation: {x: 0, y: 0, z: 0, w: 1}
  m_LocalPosition: {x: 0, y: 0, z: 0}
  m_LocalScale: {x: 1, y: 1, z: 1}
  m_Children: []
  m_Father: {fileID: 0}
  m_RootOrder: 0
  m_LocalEulerAnglesHint: {x: 0, y: 0, z: 0}
--- !u!114 &6179287885883443042
MonoBehaviour:
  m_ObjectHideFlags: 0
  m_CorrespondingSourceObject: {fileID: 0}
  m_PrefabInstance: {fileID: 0}
  m_PrefabAsset: {fileID: 0}
  m_GameObject: {fileID: 4212448590090550086}
  m_Enabled: 1
  m_EditorHideFlags: 0
  m_Script: {fileID: 11500000, guid: 1162917ebf7f084479163da169ece7b5, type: 3}
  m_Name: 
  m_EditorClassIdentifier: 
--- !u!114 &220699670041851337
MonoBehaviour:
  m_ObjectHideFlags: 0
  m_CorrespondingSourceObject: {fileID: 0}
  m_PrefabInstance: {fileID: 0}
  m_PrefabAsset: {fileID: 0}
  m_GameObject: {fileID: 4212448590090550086}
  m_Enabled: 1
  m_EditorHideFlags: 0
  m_Script: {fileID: 11500000, guid: 011a5cc5eae5d484782913397fe5632e, type: 3}
  m_Name: 
  m_EditorClassIdentifier: 
--- !u!114 &7355040679543611184
MonoBehaviour:
  m_ObjectHideFlags: 0
  m_CorrespondingSourceObject: {fileID: 0}
  m_PrefabInstance: {fileID: 0}
  m_PrefabAsset: {fileID: 0}
  m_GameObject: {fileID: 4212448590090550086}
  m_Enabled: 1
  m_EditorHideFlags: 0
  m_Script: {fileID: 11500000, guid: 814844058613001478fe9f31fbfec5d5, type: 3}
  m_Name: 
  m_EditorClassIdentifier: 
--- !u!114 &541650128854623080
MonoBehaviour:
  m_ObjectHideFlags: 0
  m_CorrespondingSourceObject: {fileID: 0}
  m_PrefabInstance: {fileID: 0}
  m_PrefabAsset: {fileID: 0}
  m_GameObject: {fileID: 4212448590090550086}
  m_Enabled: 1
  m_EditorHideFlags: 0
  m_Script: {fileID: 11500000, guid: a11228d072671d34581b0487d88a852c, type: 3}
  m_Name: 
  m_EditorClassIdentifier: 
--- !u!114 &6223415927605121332
MonoBehaviour:
  m_ObjectHideFlags: 0
  m_CorrespondingSourceObject: {fileID: 0}
  m_PrefabInstance: {fileID: 0}
  m_PrefabAsset: {fileID: 0}
  m_GameObject: {fileID: 4212448590090550086}
  m_Enabled: 1
  m_EditorHideFlags: 0
  m_Script: {fileID: 11500000, guid: e5bc37897e0ef264b9eb765332de007e, type: 3}
  m_Name: 
  m_EditorClassIdentifier: 
  _characterType: {fileID: 11400000, guid: a546229e263cda14bba49fae390d9cdf, type: 2}
  _characterSprite: {fileID: 0}
--- !u!114 &240798708405856711
MonoBehaviour:
  m_ObjectHideFlags: 0
  m_CorrespondingSourceObject: {fileID: 0}
  m_PrefabInstance: {fileID: 0}
  m_PrefabAsset: {fileID: 0}
  m_GameObject: {fileID: 4212448590090550086}
  m_Enabled: 1
  m_EditorHideFlags: 0
  m_Script: {fileID: 11500000, guid: 3acf2236cf1f3fb4ea473b13a3d519e5, type: 3}
  m_Name: 
  m_EditorClassIdentifier: 
--- !u!114 &7062103848328736653
MonoBehaviour:
  m_ObjectHideFlags: 0
  m_CorrespondingSourceObject: {fileID: 0}
  m_PrefabInstance: {fileID: 0}
  m_PrefabAsset: {fileID: 0}
  m_GameObject: {fileID: 4212448590090550086}
  m_Enabled: 1
  m_EditorHideFlags: 0
  m_Script: {fileID: 11500000, guid: 514bb6c538d91154ebe880528b74d993, type: 3}
  m_Name: 
  m_EditorClassIdentifier: 
--- !u!114 &3930319999660307312
MonoBehaviour:
  m_ObjectHideFlags: 0
  m_CorrespondingSourceObject: {fileID: 0}
  m_PrefabInstance: {fileID: 0}
  m_PrefabAsset: {fileID: 0}
  m_GameObject: {fileID: 4212448590090550086}
  m_Enabled: 1
  m_EditorHideFlags: 0
  m_Script: {fileID: 11500000, guid: e61f35c6e84e9404bb8bd0bab159e582, type: 3}
  m_Name: 
  m_EditorClassIdentifier: 
--- !u!114 &6226603214070356020
MonoBehaviour:
  m_ObjectHideFlags: 0
  m_CorrespondingSourceObject: {fileID: 0}
  m_PrefabInstance: {fileID: 0}
  m_PrefabAsset: {fileID: 0}
  m_GameObject: {fileID: 4212448590090550086}
  m_Enabled: 1
  m_EditorHideFlags: 0
  m_Script: {fileID: 11500000, guid: 8d4802b4e9da6fc4ca77053a6cd2c5ce, type: 3}
  m_Name: 
  m_EditorClassIdentifier: 
--- !u!114 &5858858837113959067
MonoBehaviour:
  m_ObjectHideFlags: 0
  m_CorrespondingSourceObject: {fileID: 0}
  m_PrefabInstance: {fileID: 0}
  m_PrefabAsset: {fileID: 0}
  m_GameObject: {fileID: 4212448590090550086}
  m_Enabled: 1
  m_EditorHideFlags: 0
  m_Script: {fileID: 11500000, guid: a19d6adc9f0112f47bea01a69bb61efa, type: 3}
  m_Name: 
  m_EditorClassIdentifier: 
