%YAML 1.1
%TAG !u! tag:unity3d.com,2011:
--- !u!114 &8577145875643440329
MonoBehaviour:
  m_ObjectHideFlags: 0
  m_CorrespondingSourceObject: {fileID: 0}
  m_PrefabInstance: {fileID: 0}
  m_PrefabAsset: {fileID: 0}
  m_GameObject: {fileID: 2625232927427761742}
  m_Enabled: 1
  m_EditorHideFlags: 0
  m_Script: {fileID: 11500000, guid: fb73eca9fa545fe42a3813f2b744b06d, type: 3}
  m_Name: 
  m_EditorClassIdentifier: 
  _dragGraphicsPivot: {fileID: 7091218286815232023}
  _dragGraphicsCanvas: {fileID: 8280671246153341876}
  _iconImage: {fileID: 5105847916343078929}
  _amountText: {fileID: 8669731499622955565}
  _exchangeContents: 1
  _dragSortingOrder: 100
  _unusableGraphics: {fileID: 9069852631658530492}
--- !u!1 &2875369028690850375
GameObject:
  m_ObjectHideFlags: 0
  m_CorrespondingSourceObject: {fileID: 0}
  m_PrefabInstance: {fileID: 0}
  m_PrefabAsset: {fileID: 0}
  serializedVersion: 6
  m_Component:
  - component: {fileID: 7791334605111245172}
  - component: {fileID: 1891596635043889435}
  - component: {fileID: 9069852631658530492}
  m_Layer: 0
  m_Name: UnusableGraphics
  m_TagString: Untagged
  m_Icon: {fileID: 0}
  m_NavMeshLayer: 0
  m_StaticEditorFlags: 0
  m_IsActive: 0
--- !u!224 &7791334605111245172
RectTransform:
  m_ObjectHideFlags: 0
  m_CorrespondingSourceObject: {fileID: 0}
  m_PrefabInstance: {fileID: 0}
  m_PrefabAsset: {fileID: 0}
  m_GameObject: {fileID: 2875369028690850375}
  m_LocalRotation: {x: 0, y: 0, z: 0, w: 1}
  m_LocalPosition: {x: 0, y: 0, z: 0}
  m_LocalScale: {x: 1, y: 1, z: 1}
  m_Children: []
  m_Father: {fileID: 679488372517237335}
  m_RootOrder: 1
  m_LocalEulerAnglesHint: {x: 0, y: 0, z: 0}
  m_AnchorMin: {x: 0, y: 0}
  m_AnchorMax: {x: 1, y: 1}
  m_AnchoredPosition: {x: 0, y: 0}
  m_SizeDelta: {x: 0, y: 0}
  m_Pivot: {x: 0.5, y: 0.5}
--- !u!222 &1891596635043889435
CanvasRenderer:
  m_ObjectHideFlags: 0
  m_CorrespondingSourceObject: {fileID: 0}
  m_PrefabInstance: {fileID: 0}
  m_PrefabAsset: {fileID: 0}
  m_GameObject: {fileID: 2875369028690850375}
  m_CullTransparentMesh: 0
--- !u!114 &9069852631658530492
MonoBehaviour:
  m_ObjectHideFlags: 0
  m_CorrespondingSourceObject: {fileID: 0}
  m_PrefabInstance: {fileID: 0}
  m_PrefabAsset: {fileID: 0}
  m_GameObject: {fileID: 2875369028690850375}
  m_Enabled: 1
  m_EditorHideFlags: 0
  m_Script: {fileID: 11500000, guid: fe87c0e1cc204ed48ad3b37840f39efc, type: 3}
  m_Name: 
  m_EditorClassIdentifier: 
  m_Material: {fileID: 0}
  m_Color: {r: 0.44099998, g: 0.055565994, b: 0.055565994, a: 0.8}
  m_RaycastTarget: 1
  m_OnCullStateChanged:
    m_PersistentCalls:
      m_Calls: []
  m_Sprite: {fileID: 0}
  m_Type: 0
  m_PreserveAspect: 0
  m_FillCenter: 1
  m_FillMethod: 4
  m_FillAmount: 1
  m_FillClockwise: 1
  m_FillOrigin: 0
  m_UseSpriteMesh: 0
  m_PixelsPerUnitMultiplier: 1
--- !u!1001 &1678873636235441159
PrefabInstance:
  m_ObjectHideFlags: 0
  serializedVersion: 2
  m_Modification:
    m_TransformParent: {fileID: 0}
    m_Modifications:
    - target: {fileID: 2171449421469910608, guid: 305079bb8435f624589d2375b3185c30,
        type: 3}
      propertyPath: m_LocalPosition.x
      value: 0
      objectReference: {fileID: 0}
    - target: {fileID: 2171449421469910608, guid: 305079bb8435f624589d2375b3185c30,
        type: 3}
      propertyPath: m_LocalPosition.y
      value: 0
      objectReference: {fileID: 0}
    - target: {fileID: 2171449421469910608, guid: 305079bb8435f624589d2375b3185c30,
        type: 3}
      propertyPath: m_LocalPosition.z
      value: 0
      objectReference: {fileID: 0}
    - target: {fileID: 2171449421469910608, guid: 305079bb8435f624589d2375b3185c30,
        type: 3}
      propertyPath: m_LocalRotation.x
      value: 0
      objectReference: {fileID: 0}
    - target: {fileID: 2171449421469910608, guid: 305079bb8435f624589d2375b3185c30,
        type: 3}
      propertyPath: m_LocalRotation.y
      value: 0
      objectReference: {fileID: 0}
    - target: {fileID: 2171449421469910608, guid: 305079bb8435f624589d2375b3185c30,
        type: 3}
      propertyPath: m_LocalRotation.z
      value: 0
      objectReference: {fileID: 0}
    - target: {fileID: 2171449421469910608, guid: 305079bb8435f624589d2375b3185c30,
        type: 3}
      propertyPath: m_LocalRotation.w
      value: 1
      objectReference: {fileID: 0}
    - target: {fileID: 2171449421469910608, guid: 305079bb8435f624589d2375b3185c30,
        type: 3}
      propertyPath: m_RootOrder
      value: 0
      objectReference: {fileID: 0}
    - target: {fileID: 2171449421469910608, guid: 305079bb8435f624589d2375b3185c30,
        type: 3}
      propertyPath: m_LocalEulerAnglesHint.x
      value: 0
      objectReference: {fileID: 0}
    - target: {fileID: 2171449421469910608, guid: 305079bb8435f624589d2375b3185c30,
        type: 3}
      propertyPath: m_LocalEulerAnglesHint.y
      value: 0
      objectReference: {fileID: 0}
    - target: {fileID: 2171449421469910608, guid: 305079bb8435f624589d2375b3185c30,
        type: 3}
      propertyPath: m_LocalEulerAnglesHint.z
      value: 0
      objectReference: {fileID: 0}
    - target: {fileID: 2171449421469910608, guid: 305079bb8435f624589d2375b3185c30,
        type: 3}
      propertyPath: m_AnchoredPosition.x
      value: 0
      objectReference: {fileID: 0}
    - target: {fileID: 2171449421469910608, guid: 305079bb8435f624589d2375b3185c30,
        type: 3}
      propertyPath: m_AnchoredPosition.y
      value: 0
      objectReference: {fileID: 0}
    - target: {fileID: 2171449421469910608, guid: 305079bb8435f624589d2375b3185c30,
        type: 3}
      propertyPath: m_SizeDelta.x
      value: 60
      objectReference: {fileID: 0}
    - target: {fileID: 2171449421469910608, guid: 305079bb8435f624589d2375b3185c30,
        type: 3}
      propertyPath: m_SizeDelta.y
      value: 60
      objectReference: {fileID: 0}
    - target: {fileID: 2171449421469910608, guid: 305079bb8435f624589d2375b3185c30,
        type: 3}
      propertyPath: m_AnchorMin.x
      value: 0.5
      objectReference: {fileID: 0}
    - target: {fileID: 2171449421469910608, guid: 305079bb8435f624589d2375b3185c30,
        type: 3}
      propertyPath: m_AnchorMin.y
      value: 0.5
      objectReference: {fileID: 0}
    - target: {fileID: 2171449421469910608, guid: 305079bb8435f624589d2375b3185c30,
        type: 3}
      propertyPath: m_AnchorMax.x
      value: 0.5
      objectReference: {fileID: 0}
    - target: {fileID: 2171449421469910608, guid: 305079bb8435f624589d2375b3185c30,
        type: 3}
      propertyPath: m_AnchorMax.y
      value: 0.5
      objectReference: {fileID: 0}
    - target: {fileID: 2171449421469910608, guid: 305079bb8435f624589d2375b3185c30,
        type: 3}
      propertyPath: m_Pivot.x
      value: 0.5
      objectReference: {fileID: 0}
    - target: {fileID: 2171449421469910608, guid: 305079bb8435f624589d2375b3185c30,
        type: 3}
      propertyPath: m_Pivot.y
      value: 0.5
      objectReference: {fileID: 0}
    - target: {fileID: 3684575466375176777, guid: 305079bb8435f624589d2375b3185c30,
        type: 3}
      propertyPath: m_Name
      value: InventorySlot Variant
      objectReference: {fileID: 0}
    m_RemovedComponents:
    - {fileID: 4760320365269605529, guid: 305079bb8435f624589d2375b3185c30, type: 3}
  m_SourcePrefab: {fileID: 100100000, guid: 305079bb8435f624589d2375b3185c30, type: 3}
--- !u!1 &2625232927427761742 stripped
GameObject:
  m_CorrespondingSourceObject: {fileID: 3684575466375176777, guid: 305079bb8435f624589d2375b3185c30,
    type: 3}
  m_PrefabInstance: {fileID: 1678873636235441159}
  m_PrefabAsset: {fileID: 0}
--- !u!224 &679488372517237335 stripped
RectTransform:
  m_CorrespondingSourceObject: {fileID: 2171449421469910608, guid: 305079bb8435f624589d2375b3185c30,
    type: 3}
  m_PrefabInstance: {fileID: 1678873636235441159}
  m_PrefabAsset: {fileID: 0}
--- !u!224 &7091218286815232023 stripped
RectTransform:
  m_CorrespondingSourceObject: {fileID: 8441328840947840016, guid: 305079bb8435f624589d2375b3185c30,
    type: 3}
  m_PrefabInstance: {fileID: 1678873636235441159}
  m_PrefabAsset: {fileID: 0}
--- !u!223 &8280671246153341876 stripped
Canvas:
  m_CorrespondingSourceObject: {fileID: 7324634260761358259, guid: 305079bb8435f624589d2375b3185c30,
    type: 3}
  m_PrefabInstance: {fileID: 1678873636235441159}
  m_PrefabAsset: {fileID: 0}
--- !u!114 &5105847916343078929 stripped
MonoBehaviour:
  m_CorrespondingSourceObject: {fileID: 5879188787599819798, guid: 305079bb8435f624589d2375b3185c30,
    type: 3}
  m_PrefabInstance: {fileID: 1678873636235441159}
  m_PrefabAsset: {fileID: 0}
  m_GameObject: {fileID: 0}
  m_Enabled: 1
  m_EditorHideFlags: 0
  m_Script: {fileID: 11500000, guid: fe87c0e1cc204ed48ad3b37840f39efc, type: 3}
  m_Name: 
  m_EditorClassIdentifier: 
--- !u!114 &8669731499622955565 stripped
MonoBehaviour:
  m_CorrespondingSourceObject: {fileID: 8006727717579820586, guid: 305079bb8435f624589d2375b3185c30,
    type: 3}
  m_PrefabInstance: {fileID: 1678873636235441159}
  m_PrefabAsset: {fileID: 0}
  m_GameObject: {fileID: 0}
  m_Enabled: 1
  m_EditorHideFlags: 0
  m_Script: {fileID: 11500000, guid: f4688fdb7df04437aeb418b961361dc5, type: 3}
  m_Name: 
  m_EditorClassIdentifier: 
